{
  "leader": "00742nam a2200253Ii 4500",
  "fields": [
    {
      "001": "bslw09822996"
    },
    {
      "003": "UtOrBLW"
    },
    {
      "005": "20220106123650.0"
    },
    {
      "008": "220106s1953\\\\\\\\laua\\\\\\\\\\\\\\\\\\\\000\\h\\eng\\d"
    },
    {
      "040": {
        "ind1": "\\",
        "ind2": "\\",
        "subfields": [
          {
            "a": "UtOrBLW"
          },
          {
            "b": "eng"
          },
          {
            "e": "rda"
          },
          {
            "c": "UtOrBLW"
          }
        ]
      }
    },
    {
      "043": {
        "ind1": "\\",
        "ind2": "\\",
        "subfields": [
          {
            "a": "n-usu--"
          }
        ]
      }
    },
    {
      "082": {
        "ind1": "0",
        "ind2": "4",
        "subfields": [
          {
            "a": "818.5402"
          },
          {
            "b": "SHO"
          }
        ]
      }
    },
    {
      "100": {
        "ind1": "1",
        "ind2": "\\",
        "subfields": [
          {
            "a": "Short, Sam B.,"
          },
          {
            "e": "author."
          }
        ]
      }
    },
    {
      "245": {
        "ind1": "1",
        "ind2": "0",
        "subfields": [
          {
            "a": "'Tis so /"
          },
          {
            "c": "by Sam B. Short."
          }
        ]
      }
    },
    {
      "246": {
        "ind1": "3",
        "ind2": "\\",
        "subfields": [
          {
            "a": "It is so"
          }
        ]
      }
    },
    {
      "250": {
        "ind1": "\\",
        "ind2": "\\",
        "subfields": [
          {
            "a": "2nd edition."
          }
        ]
      }
    },
    {
      "264": {
        "ind1": "\\",
        "ind2": "1",
        "subfields": [
          {
            "a": "Baton Rouge, La. :"
          },
          {
            "b": "Jack Walsh Enterprises,"
          },
          {
            "c": "1953."
          }
        ]
      }
    },
    {
      "300": {
        "ind1": "\\",
        "ind2": "\\",
        "subfields": [
          {
            "a": "97 pages :"
          },
          {
            "b": "illustrations ;"
          },
          {
            "c": "22 cm"
          }
        ]
      }
    },
    {
      "336": {
        "ind1": "\\",
        "ind2": "\\",
        "subfields": [
          {
            "a": "text"
          },
          {
            "b": "txt"
          },
          {
            "2": "rdacontent"
          }
        ]
      }
    },
    {
      "337": {
        "ind1": "\\",
        "ind2": "\\",
        "subfields": [
          {
            "a": "unmediated"
          },
          {
            "b": "n"
          },
          {
            "2": "rdamedia"
          }
        ]
      }
    },
    {
      "338": {
        "ind1": "\\",
        "ind2": "\\",
        "subfields": [
          {
            "a": "volume"
          },
          {
            "b": "nc"
          },
          {
            "2": "rdacarrier"
          }
        ]
      }
    },
    {
      "650": {
        "ind1": "\\",
        "ind2": "0",
        "subfields": [
          {
            "a": "African American wit and humor."
          }
        ]
      }
    },
    {
      "650": {
        "ind1": "\\",
        "ind2": "0",
        "subfields": [
          {
            "a": "Tales"
          },
          {
            "z": "Southern States."
          }
        ]
      }
    },
    {
      "999": {
        "ind1": "\\",
        "ind2": "\\",
        "subfields": [
          {
            "a": "00000000014643"
          }
        ]
      }
    }
  ]
}